<?xml version="1.0" encoding="UTF-8"?><collection xmlns="http://www.loc.gov/MARC21/slim"><record><leader>00571nam--2200169-i-4500</leader><controlfield tag="001">000014282</controlfield><controlfield tag="002">20161230</controlfield><controlfield tag="005">20161230201030</controlfield><controlfield tag="008">060222s1000------------r-----000-0-eng-d</controlfield><datafield ind1=" " ind2=" " tag="040"><subfield code="a">IFIN-HH</subfield></datafield><datafield ind1=" " ind2=" " tag="080"><subfield code="a">532.783(061.3)</subfield></datafield><datafield ind1="1" ind2=" " tag="100"><subfield code="a">Bata Lajos</subfield></datafield><datafield ind1="1" ind2="0" tag="245"><subfield code="a">Advances in liquid crystal reserch and applications</subfield><subfield code="b">PROCEEDINGS OF THE THIRD LIQUID CRYSTAL CONFERENCE OF THE SOCIALEST COUNTRIES, BUDAPEST, 27-31 AUGUST 1979. Vol. 1</subfield><subfield code="c">Lajos Bata (Ed.)</subfield></datafield><datafield ind1=" " ind2=" " tag="260"><subfield code="a">Budapest, Akademiai Kiado, 1981</subfield></datafield><datafield ind1=" " ind2=" " tag="300"><subfield code="a">XL+691 P</subfield></datafield><datafield ind1=" " ind2=" " tag="852"><subfield code="a">49357</subfield><subfield code="c">532</subfield></datafield><datafield ind1=" " ind2=" " tag="CAT"><subfield code="a">Sys</subfield><subfield code="c">20100722</subfield><subfield code="h">131953</subfield></datafield></record></collection>